"@article{liang2024communication,
  title={Communication-Efficient Large-Scale Distributed Deep Learning: A Comprehensive Survey},
  author={Liang, Feng and Zhang, Zhen and Lu, Haifeng and Leung, Victor and Guo, Yanyi and Hu, Xiping},
  journal={arXiv preprint arXiv:2404.06114},
  year={2024}
}"
"@article{verbraeken2020survey,
  title={A survey on distributed machine learning},
  author={Verbraeken, Joost and Wolting, Matthijs and Katzy, Jonathan and Kloppenburg, Jeroen and Verbelen, Tim and Rellermeyer, Jan S},
  journal={Acm computing surveys (csur)},
  volume={53},
  number={2},
  pages={1--33},
  year={2020},
  publisher={ACM New York, NY, USA}
}"
"@article{peccia2024embedded,
  title={Embedded Distributed Inference of Deep Neural Networks: A Systematic Review},
  author={Peccia, Federico Nicol{\'a}s and Bringmann, Oliver},
  journal={arXiv preprint arXiv:2405.03360},
  year={2024}
}"
"@article{murshed2021machine,
  title={Machine learning at the network edge: A survey},
  author={Murshed, MG Sarwar and Murphy, Christopher and Hou, Daqing and Khan, Nazar and Ananthanarayanan, Ganesh and Hussain, Faraz},
  journal={ACM Computing Surveys (CSUR)},
  volume={54},
  number={8},
  pages={1--37},
  year={2021},
  publisher={ACM New York, NY}
}"
"@article{kotlar2019survey,
  title={Survey of deployment locations and underlying hardware architectures for contemporary deep neural networks},
  author={Kotlar, Milo{\v{s}} and Boji{\'c}, Dragan and Punt, Marija and Milutinovi{\'c}, Veljko},
  journal={International Journal of Distributed Sensor Networks},
  volume={15},
  number={8},
  pages={1550147719868669},
  year={2019},
  publisher={SAGE Publications Sage UK: London, England}
}"
"@article{peteiro2013survey,
  title={A survey of methods for distributed machine learning},
  author={Peteiro-Barral, Diego and Guijarro-Berdi{\~n}as, Bertha},
  journal={Progress in Artificial Intelligence},
  volume={2},
  pages={1--11},
  year={2013},
  publisher={Springer}
}"
"@article{liu2022distributed,
  title={From distributed machine learning to federated learning: A survey},
  author={Liu, Ji and Huang, Jizhou and Zhou, Yang and Li, Xuhong and Ji, Shilei and Xiong, Haoyi and Dou, Dejing},
  journal={Knowledge and Information Systems},
  volume={64},
  number={4},
  pages={885--917},
  year={2022},
  publisher={Springer}
}"
"@article{le2024applications,
  title={Applications of Distributed Machine Learning for the Internet-of-Things: A Comprehensive Survey},
  author={Le, Mai and Huynh-The, Thien and Do-Duy, Tan and Vu, Thai-Hoc and Hwang, Won-Joo and Pham, Quoc-Viet},
  journal={IEEE Communications Surveys \& Tutorials},
  year={2024},
  publisher={IEEE}
}"






"@inproceedings{ashouri2020analyzing,
  title={Analyzing distributed deep neural network deployment on edge and cloud nodes in IoT systems},
  author={Ashouri, Majid and Lorig, Fabian and Davidsson, Paul and Spalazzese, Romina and Svorobej, Sergej},
  booktitle={2020 IEEE International Conference on Edge Computing (EDGE)},
  pages={59--66},
  year={2020},
  organization={IEEE}
}"
"@inproceedings{yang2021cooperative,
  title={Cooperative distributed deep neural network deployment with edge computing},
  author={Yang, Cian-You and Kuo, Jian-Jhih and Sheu, Jang-Ping and Zheng, Ke-Jun},
  booktitle={ICC 2021-IEEE International Conference on Communications},
  pages={1--6},
  year={2021},
  organization={IEEE}
}"
"@article{de2018dianne,
  title={DIANNE: a modular framework for designing, training and deploying deep neural networks on heterogeneous distributed infrastructure},
  author={De Coninck, Elias and Bohez, Steven and Leroux, Sam and Verbelen, Tim and Vankeirsbilck, Bert and Simoens, Pieter and Dhoedt, Bart},
  journal={Journal of Systems and Software},
  volume={141},
  pages={52--65},
  year={2018},
  publisher={Elsevier}
}"
"@inproceedings{lin2019distributed,
  title={Distributed deep neural network deployment for smart devices from the edge to the cloud},
  author={Lin, Chang-You and Wang, Tzu-Chen and Chen, Kuan-Chih and Lee, Bor-Yan and Kuo, Jian-Jhih},
  booktitle={Proceedings of the ACM MobiHoc workshop on pervasive systems in the IoT era},
  pages={43--48},
  year={2019}
}"
"@article{gupta2018distributed,
  title={Distributed learning of deep neural network over multiple agents},
  author={Gupta, Otkrist and Raskar, Ramesh},
  journal={Journal of Network and Computer Applications},
  volume={116},
  pages={1--8},
  year={2018},
  publisher={Elsevier}
}"
"@inproceedings{teerapittayanon2017distributed,
  title={Distributed deep neural networks over the cloud, the edge and end devices},
  author={Teerapittayanon, Surat and McDanel, Bradley and Kung, Hsiang-Tsung},
  booktitle={2017 IEEE 37th international conference on distributed computing systems (ICDCS)},
  pages={328--339},
  year={2017},
  organization={IEEE}
}"
"@article{moldoveanu2023network,
  title={In-network learning: Distributed training and inference in networks},
  author={Moldoveanu, Matei and Zaidi, Abdellatif},
  journal={Entropy},
  volume={25},
  number={6},
  pages={920},
  year={2023},
  publisher={MDPI}
}"
"@article{hadidi2021deploying,
  title={Deploying Deep Neural Networks in Edge with Distribution},
  author={Hadidi, Ramyad},
  year={2021},
  publisher={Georgia Institute of Technology}
}"
"@inproceedings{kim2018blockchain,
  title={Blockchain-based edge computing for deep neural network applications},
  author={Kim, Jae-Yun and Moon, Soo-Mook},
  booktitle={Proceedings of the workshop on intelligent embedded systems architectures and applications},
  pages={53--55},
  year={2018}
}"
"@article{solanki2020review,
  title={Review of deployment of machine learning in blockchain methodology},
  author={Solanki, Ms Sona D and Solanki, Mrs Asha D},
  journal={International Research Journal on Advanced Science Hub},
  volume={2},
  number={09},
  pages={14--20},
  year={2020}
}"
"@inproceedings{chinchali2018neural,
  title={Neural networks meet physical networks: Distributed inference between edge devices and the cloud},
  author={Chinchali, Sandeep P and Cidon, Eyal and Pergament, Evgenya and Chu, Tianshu and Katti, Sachin},
  booktitle={Proceedings of the 17th ACM workshop on hot topics in networks},
  pages={50--56},
  year={2018}
}"
"@article{rodriguez2023horizontally,
  title={Horizontally distributed inference of deep neural networks for AI-enabled IoT},
  author={Rodriguez-Conde, Ivan and Campos, Celso and Fdez-Riverola, Florentino},
  journal={Sensors},
  volume={23},
  number={4},
  pages={1911},
  year={2023},
  publisher={MDPI}
}"
"@inproceedings{abdi2023efficient,
  title={Efficient distributed inference of deep neural networks via restructuring and pruning},
  author={Abdi, Afshin and Rashidi, Saeed and Fekri, Faramarz and Krishna, Tushar},
  booktitle={Proceedings of the AAAI Conference on Artificial Intelligence},
  volume={37},
  number={6},
  pages={6640--6648},
  year={2023}
}"
"@inproceedings{aminabadi2022deepspeed,
  title={Deepspeed-inference: enabling efficient inference of transformer models at unprecedented scale},
  author={Aminabadi, Reza Yazdani and Rajbhandari, Samyam and Awan, Ammar Ahmad and Li, Cheng and Li, Du and Zheng, Elton and Ruwase, Olatunji and Smith, Shaden and Zhang, Minjia and Rasley, Jeff and others},
  booktitle={SC22: International Conference for High Performance Computing, Networking, Storage and Analysis},
  pages={1--15},
  year={2022},
  organization={IEEE}
}"
"@article{borzunov2024distributed,
  title={Distributed inference and fine-tuning of large language models over the internet},
  author={Borzunov, Alexander and Ryabinin, Max and Chumachenko, Artem and Baranchuk, Dmitry and Dettmers, Tim and Belkada, Younes and Samygin, Pavel and Raffel, Colin A},
  journal={Advances in Neural Information Processing Systems},
  volume={36},
  year={2024}
}"
"@inproceedings{teerapittayanon2016branchynet,
  title={Branchynet: Fast inference via early exiting from deep neural networks},
  author={Teerapittayanon, Surat and McDanel, Bradley and Kung, Hsiang-Tsung},
  booktitle={2016 23rd international conference on pattern recognition (ICPR)},
  pages={2464--2469},
  year={2016},
  organization={IEEE}
}"





"@inproceedings{teerapittayanon2016branchynet,
  title={Branchynet: Fast inference via early exiting from deep neural networks},
  author={Teerapittayanon, Surat and McDanel, Bradley and Kung, Hsiang-Tsung},
  booktitle={2016 23rd international conference on pattern recognition (ICPR)},
  pages={2464--2469},
  year={2016},
  organization={IEEE}
}"
"@article{zhang2020towards,
  title={Towards real-time cooperative deep inference over the cloud and edge end devices},
  author={Zhang, Shigeng and Li, Yinggang and Liu, Xuan and Guo, Song and Wang, Weiping and Wang, Jianxin and Ding, Bo and Wu, Di},
  journal={Proceedings of the ACM on Interactive, Mobile, Wearable and Ubiquitous Technologies},
  volume={4},
  number={2},
  pages={1--24},
  year={2020},
  publisher={ACM New York, NY, USA}
}"
"@article{zhang2021deepslicing,
  title={DeepSlicing: Collaborative and adaptive CNN inference with low latency},
  author={Zhang, Shuai and Zhang, Sheng and Qian, Zhuzhong and Wu, Jie and Jin, Yibo and Lu, Sanglu},
  journal={IEEE Transactions on Parallel and Distributed Systems},
  volume={32},
  number={9},
  pages={2175--2187},
  year={2021},
  publisher={IEEE}
}"
"@inproceedings{zhang2021communication,
  title={Communication-computation efficient device-edge co-inference via AutoML},
  author={Zhang, Xinjie and Shao, Jiawei and Mao, Yuyi and Zhang, Jun},
  booktitle={2021 IEEE Global Communications Conference (GLOBECOM)},
  pages={01--06},
  year={2021},
  organization={IEEE}
}"
"@article{zhao2018deepthings,
  title={Deepthings: Distributed adaptive deep learning inference on resource-constrained iot edge clusters},
  author={Zhao, Zhuoran and Barijough, Kamyar Mirzazad and Gerstlauer, Andreas},
  journal={IEEE Transactions on Computer-Aided Design of Integrated Circuits and Systems},
  volume={37},
  number={11},
  pages={2348--2359},
  year={2018},
  publisher={IEEE}
}"
"@inproceedings{zhou2021dynamic,
  title={Dynamic path based DNN synergistic inference acceleration in edge computing environment},
  author={Zhou, Meng and Zhou, Bowen and Wang, Huitian and Dong, Fang and Zhao, Wei},
  booktitle={2021 IEEE 27th International Conference on Parallel and Distributed Systems (ICPADS)},
  pages={567--574},
  year={2021},
  organization={IEEE}
}"
"@article{zou2021cap,
  title={CAP: communication-aware automated parallelization for deep learning inference on CMP architectures},
  author={Zou, Kaiwei and Wang, Ying and Cheng, Long and Qu, Songyun and Li, Huawei and Li, Xiaowei},
  journal={IEEE Transactions on Computers},
  volume={71},
  number={7},
  pages={1626--1639},
  year={2021},
  publisher={IEEE}
}"
"@inproceedings{guo2022framework,
  title={A framework for neural network inference on fpga-centric smartnics},
  author={Guo, Anqi and Geng, Tong and Zhang, Yongan and Haghi, Pouya and Wu, Chunshu and Tan, Cheng and Lin, Yingyan and Li, Ang and Herbordt, Martin},
  booktitle={2022 32nd International Conference on Field-Programmable Logic and Applications (FPL)},
  pages={01--08},
  year={2022},
  organization={IEEE}
}"
"@inproceedings{guo2023software,
  title={Software-hardware co-design of heterogeneous SmartNIC system for recommendation models inference and training},
  author={Guo, Anqi and Hao, Yuchen and Wu, Chunshu and Haghi, Pouya and Pan, Zhenyu and Si, Min and Tao, Dingwen and Li, Ang and Herbordt, Martin and Geng, Tong},
  booktitle={Proceedings of the 37th International Conference on Supercomputing},
  pages={336--347},
  year={2023}
}"
"@inproceedings{zhang2019dabnn,
  title={dabnn: A super fast inference framework for binary neural networks on arm devices},
  author={Zhang, Jianhao and Pan, Yingwei and Yao, Ting and Zhao, He and Mei, Tao},
  booktitle={Proceedings of the 27th ACM international conference on multimedia},
  pages={2272--2275},
  year={2019}
}"
"@inproceedings{rungsuptaweekoon2017evaluating,
  title={Evaluating the power efficiency of deep learning inference on embedded GPU systems},
  author={Rungsuptaweekoon, Kanokwan and Visoottiviseth, Vasaka and Takano, Ryousei},
  booktitle={2017 2nd international conference on information technology (INCIT)},
  pages={1--5},
  year={2017},
  organization={IEEE}
}"
"@inproceedings{li2018edge,
  title={Edge intelligence: On-demand deep learning model co-inference with device-edge synergy},
  author={Li, En and Zhou, Zhi and Chen, Xu},
  booktitle={Proceedings of the 2018 workshop on mobile edge communications},
  pages={31--36},
  year={2018}
}"
"@inproceedings{lane2016deepx,
  title={Deepx: A software accelerator for low-power deep learning inference on mobile devices},
  author={Lane, Nicholas D and Bhattacharya, Sourav and Georgiev, Petko and Forlivesi, Claudio and Jiao, Lei and Qendro, Lorena and Kawsar, Fahim},
  booktitle={2016 15th ACM/IEEE International Conference on Information Processing in Sensor Networks (IPSN)},
  pages={1--12},
  year={2016},
  organization={IEEE}
}"
"@inproceedings{gao2020edgedrnn,
  title={EdgeDRNN: Enabling low-latency recurrent neural network edge inference},
  author={Gao, Chang and Rios-Navarro, Antonio and Chen, Xi and Delbruck, Tobi and Liu, Shih-Chii},
  booktitle={2020 2nd IEEE International Conference on Artificial Intelligence Circuits and Systems (AICAS)},
  pages={41--45},
  year={2020},
  organization={IEEE}
}"
"@inproceedings{bhattacharya2016sparsification,
  title={Sparsification and separation of deep learning layers for constrained resource inference on wearables},
  author={Bhattacharya, Sourav and Lane, Nicholas D},
  booktitle={Proceedings of the 14th ACM Conference on Embedded Network Sensor Systems CD-ROM},
  pages={176--189},
  year={2016}
}"
"@inproceedings{zhang2021autodidactic,
  title={Autodidactic neurosurgeon: Collaborative deep inference for mobile edge intelligence via online learning},
  author={Zhang, Letian and Chen, Lixing and Xu, Jie},
  booktitle={Proceedings of the Web Conference 2021},
  pages={3111--3123},
  year={2021}
}"
"@inproceedings{zhang2020accelerate,
  title={Accelerate deep learning in IoT: Human-interaction co-inference networking system for edge},
  author={Zhang, Chaofeng and Dong, Mianxiong and Ota, Kaoru},
  booktitle={2020 13th International Conference on Human System Interaction (HSI)},
  pages={1--6},
  year={2020},
  organization={IEEE}
}"
"@inproceedings{zhang2021dynamic,
  title={Dynamic DNN decomposition for lossless synergistic inference},
  author={Zhang, Beibei and Xiang, Tian and Zhang, Hongxuan and Li, Te and Zhu, Shiqiang and Gu, Jianjun},
  booktitle={2021 IEEE 41st International Conference on Distributed Computing Systems Workshops (ICDCSW)},
  pages={13--20},
  year={2021},
  organization={IEEE}
}"
"@article{zeng2019boomerang,
  title={Boomerang: On-demand cooperative deep neural network inference for edge intelligence on the industrial Internet of Things},
  author={Zeng, Liekang and Li, En and Zhou, Zhi and Chen, Xu},
  journal={IEEE Network},
  volume={33},
  number={5},
  pages={96--103},
  year={2019},
  publisher={IEEE}
}"
"@article{zeng2020coedge,
  title={Coedge: Cooperative dnn inference with adaptive workload partitioning over heterogeneous edge devices},
  author={Zeng, Liekang and Chen, Xu and Zhou, Zhi and Yang, Lei and Zhang, Junshan},
  journal={IEEE/ACM Transactions on Networking},
  volume={29},
  number={2},
  pages={595--608},
  year={2020},
  publisher={IEEE}
}"
"@article{yun2022cooperative,
  title={Cooperative inference of DNNs for delay-and memory-constrained wireless IoT systems},
  author={Yun, Sangseok and Choi, Wan and Kim, Il-Min},
  journal={IEEE Internet of Things Journal},
  volume={9},
  number={17},
  pages={16113--16127},
  year={2022},
  publisher={IEEE}
}"
"@inproceedings{yang2021towards,
  title={Towards efficient inference: Adaptively cooperate in heterogeneous iot edge cluster},
  author={Yang, Xiang and Qi, Qi and Wang, Jingyu and Guo, Song and Liao, Jianxin},
  booktitle={2021 IEEE 41st International Conference on Distributed Computing Systems (ICDCS)},
  pages={12--23},
  year={2021},
  organization={IEEE}
}"
"@article{yang2022cnnpc,
  title={CNNPC: End-edge-cloud collaborative CNN inference with joint model partition and compression},
  author={Yang, Shusen and Zhang, Zhanhua and Zhao, Cong and Song, Xin and Guo, Siyan and Li, Hailiang},
  journal={IEEE Transactions on Parallel and Distributed Systems},
  volume={33},
  number={12},
  pages={4039--4056},
  year={2022},
  publisher={IEEE}
}"
"@inproceedings{xue2020edgeld,
  title={EdgeLD: Locally distributed deep learning inference on edge device clusters},
  author={Xue, Feng and Fang, Weiwei and Xu, Wenyuan and Wang, Qi and Ma, Xiaodong and Ding, Yi},
  booktitle={2020 IEEE 22nd International Conference on High Performance Computing and Communications; IEEE 18th International Conference on Smart City; IEEE 6th International Conference on Data Science and Systems (HPCC/SmartCity/DSS)},
  pages={613--619},
  year={2020},
  organization={IEEE}
}"
"@inproceedings{xu2022eop,
  title={EOP: efficient operator partition for deep learning inference over edge servers},
  author={Xu, Yuanjia and Wu, Heng and Zhang, Wenbo and Hu, Yi},
  booktitle={Proceedings of the 18th ACM SIGPLAN/SIGOPS International Conference on Virtual Execution Environments},
  pages={45--57},
  year={2022}
}"
"@article{wu2022hitdl,
  title={HiTDL: High-throughput deep learning inference at the hybrid mobile edge},
  author={Wu, Jing and Wang, Lin and Pei, Qiangyu and Cui, Xingqi and Liu, Fangming and Yang, Tingting},
  journal={IEEE Transactions on Parallel and Distributed Systems},
  volume={33},
  number={12},
  pages={4499--4514},
  year={2022},
  publisher={IEEE}
}"
"@article{wang2020mbnn,
  title={MBNN: A multi-branch neural network capable of utilizing industrial sample unbalance for fast inference},
  author={Wang, Qizhao and Wang, Kai and Li, Qing and Yang, Zuye and Jin, Guangshu and Wang, Hong},
  journal={IEEE Sensors Journal},
  volume={21},
  number={2},
  pages={1809--1819},
  year={2020},
  publisher={IEEE}
}"
"@article{wang2021dynamic,
  title={Dynamic resource allocation for jointing vehicle-edge deep neural network inference},
  author={Wang, Qi and Li, Zhiyong and Nai, Ke and Chen, Yifan and Wen, Ming},
  journal={Journal of Systems Architecture},
  volume={117},
  pages={102133},
  year={2021},
  publisher={Elsevier}
}"
"@inproceedings{wang2021fast,
  title={A Fast and Energy-Saving Neural Network Inference Method for Fault Diagnosis of Industrial Equipment Based on Edge-End Collaboration},
  author={Wang, Qizhao and Jin, Guangshu and Li, Qing and Wang, Kai and Yang, Zuye and Wang, Hong},
  booktitle={2021 IEEE 11th Annual International Conference on CYBER Technology in Automation, Control, and Intelligent Systems (CYBER)},
  pages={67--72},
  year={2021},
  organization={IEEE}
}"
"@inproceedings{wang2019adda,
  title={ADDA: Adaptive distributed DNN inference acceleration in edge computing environment},
  author={Wang, Huitian and Cai, Guangxing and Huang, Zhaowu and Dong, Fang},
  booktitle={2019 IEEE 25th International Conference on Parallel and Distributed Systems (ICPADS)},
  pages={438--445},
  year={2019},
  organization={IEEE}
}"
"@inproceedings{vanishree2020coin,
  title={CoIn: Accelerated CNN co-inference through data partitioning on heterogeneous devices},
  author={Vanishree, K and George, Anu and Gunisetty, Srivatsav and Subramanian, Srinivasan and Kashyap, Shravan and Purnaprajna, Madhura},
  booktitle={2020 6th International Conference on Advanced Computing and Communication Systems (ICACCS)},
  pages={90--95},
  year={2020},
  organization={IEEE}
}"
"@article{shao2020communication,
  title={Communication-computation trade-off in resource-constrained edge inference},
  author={Shao, Jiawei and Zhang, Jun},
  journal={IEEE Communications Magazine},
  volume={58},
  number={12},
  pages={20--26},
  year={2020},
  publisher={IEEE}
}"
"@inproceedings{sahu2021denni,
  title={DENNI: Distributed Neural Network Inference on Severely Resource Constrained Edge Devices},
  author={Sahu, Rohit and Toepfer, Ryan and Sinclair, Mathew D and Duwe, Henry},
  booktitle={2021 IEEE International Performance, Computing, and Communications Conference (IPCCC)},
  pages={1--10},
  year={2021},
  organization={IEEE}
}"
"@inproceedings{parashar2020processor,
  title={Processor pipelining method for efficient deep neural network inference on embedded devices},
  author={Parashar, Akshay and Abraham, Arun and Chaudhary, Deepak and Rajendiran, Vikram Nelvoy},
  booktitle={2020 IEEE 27th International Conference on High Performance Computing, Data, and Analytics (HiPC)},
  pages={82--90},
  year={2020},
  organization={IEEE}
}"
"@article{naveen2021low,
  title={Low latency deep learning inference model for distributed intelligent IoT edge clusters},
  author={Naveen, Soumyalatha and Kounte, Manjunath R and Ahmed, Mohammed Riyaz},
  journal={IEEE Access},
  volume={9},
  pages={160607--160621},
  year={2021},
  publisher={IEEE}
}"
"@inproceedings{mohammed2020distributed,
  title={Distributed inference acceleration with adaptive DNN partitioning and offloading},
  author={Mohammed, Thaha and Joe-Wong, Carlee and Babbar, Rohit and Di Francesco, Mario},
  booktitle={IEEE INFOCOM 2020-IEEE Conference on Computer Communications},
  pages={854--863},
  year={2020},
  organization={IEEE}
}"
"@inproceedings{luo2021cloud,
  title={Cloud-Edge Collaborative Intelligent Inference Based on Distributed Neural Networks in Power Distribution Networks},
  author={Luo, Hao and Tian, Hui and Zhang, Peng and Zhao, Fang and Zhou, Meng and Sun, Yong},
  booktitle={2021 International Conference on Space-Air-Ground Computing (SAGC)},
  pages={129--136},
  year={2021},
  organization={IEEE}
}"
"@inproceedings{liu2021eeai,
  title={EEAI: An End-edge Architecture for Accelerating Deep Neural Network Inference},
  author={Liu, Guozhi and Dai, Fei and Huang, Bi and Qiang, Zhenping and Li, LeCheng and Wang, Shuai},
  booktitle={2021 IEEE 23rd Int Conf on High Performance Computing \& Communications; 7th Int Conf on Data Science \& Systems; 19th Int Conf on Smart City; 7th Int Conf on Dependability in Sensor, Cloud \& Big Data Systems \& Application (HPCC/DSS/SmartCity/DependSys)},
  pages={1761--1768},
  year={2021},
  organization={IEEE}
}"
"@inproceedings{li2022receptive,
  title={Receptive Field-based Segmentation for Distributed CNN Inference Acceleration in Collaborative Edge Computing},
  author={Li, Nan and Iosifidis, Alexandros and Zhang, Qi},
  booktitle={ICC 2022-IEEE International Conference on Communications},
  pages={4281--4286},
  year={2022},
  organization={IEEE}
}"
"@inproceedings{li2022enabling,
  title={Enabling Real-time AI Inference on Mobile Devices via GPU-CPU Collaborative Execution},
  author={Li, Hao and Ng, Joseph K and Abdelzaher, Tarek},
  booktitle={2022 IEEE 28th International Conference on Embedded and Real-Time Computing Systems and Applications (RTCSA)},
  pages={195--204},
  year={2022},
  organization={IEEE}
}"
"@article{li2019edge,
  title={Edge AI: On-demand accelerating deep neural network inference via edge computing},
  author={Li, En and Zeng, Liekang and Zhou, Zhi and Chen, Xu},
  journal={IEEE Transactions on Wireless Communications},
  volume={19},
  number={1},
  pages={447--457},
  year={2019},
  publisher={IEEE}
}"
"@inproceedings{laskaridis2020spinn,
  title={SPINN: synergistic progressive inference of neural networks over device and cloud},
  author={Laskaridis, Stefanos and Venieris, Stylianos I and Almeida, Mario and Leontiadis, Ilias and Lane, Nicholas D},
  booktitle={Proceedings of the 26th annual international conference on mobile computing and networking},
  pages={1--15},
  year={2020}
}"
"@inproceedings{krouka2021energy,
  title={Energy-efficient model compression and splitting for collaborative inference over time-varying channels},
  author={Krouka, Mounssif and Elgabli, Anis and Issaid, Chaouki Ben and Bennis, Mehdi},
  booktitle={2021 IEEE 32nd Annual International Symposium on Personal, Indoor and Mobile Radio Communications (PIMRC)},
  pages={1173--1178},
  year={2021},
  organization={IEEE}
}"
"@inproceedings{kress2022hardware,
  title={Hardware-aware partitioning of convolutional neural network inference for embedded ai applications},
  author={Kre{\ss}, Fabian and Hoefer, Julian and Hotfilter, Tim and Walter, Iris and Sidorenko, Vladimir and Harbaum, Tanja and Becker, J{\""u}rgen},
  booktitle={2022 18th International Conference on Distributed Computing in Sensor Systems (DCOSS)},
  pages={133--140},
  year={2022},
  organization={IEEE}
}"
"@inproceedings{hou2022distredge,
  title={Distredge: Speeding up convolutional neural network inference on distributed edge devices},
  author={Hou, Xueyu and Guan, Yongjie and Han, Tao and Zhang, Ning},
  booktitle={2022 IEEE International Parallel and Distributed Processing Symposium (IPDPS)},
  pages={1097--1107},
  year={2022},
  organization={IEEE}
}"
"@inproceedings{zhang2020adaptive,
  title={Adaptive distributed convolutional neural network inference at the network edge with ADCNN},
  author={Zhang, Sai Qian and Lin, Jieyu and Zhang, Qi},
  booktitle={Proceedings of the 49th International Conference on Parallel Processing},
  pages={1--11},
  year={2020}
}"
"@inproceedings{parthasarathy2022defer,
  title={DEFER: distributed edge inference for deep neural networks},
  author={Parthasarathy, Arjun and Krishnamachari, Bhaskar},
  booktitle={2022 14th International Conference on COMmunication Systems \& NETworkS (COMSNETS)},
  pages={749--753},
  year={2022},
  organization={IEEE}
}"
"@article{jiang2019achieving,
  title={Achieving super-linear speedup across multi-fpga for real-time dnn inference},
  author={Jiang, Weiwen and Sha, Edwin H-M and Zhang, Xinyi and Yang, Lei and Zhuge, Qingfeng and Shi, Yiyu and Hu, Jingtong},
  journal={ACM Transactions on Embedded Computing Systems (TECS)},
  volume={18},
  number={5s},
  pages={1--23},
  year={2019},
  publisher={ACM New York, NY, USA}
}"
"@inproceedings{jia2022codl,
  title={CoDL: efficient CPU-GPU co-execution for deep learning inference on mobile devices.},
  author={Jia, Fucheng and Zhang, Deyu and Cao, Ting and Jiang, Shiqi and Liu, Yunxin and Ren, Ju and Zhang, Yaoxue},
  booktitle={MobiSys},
  volume={22},
  pages={209--221},
  year={2022}
}"
"@inproceedings{hu2022distributed,
  title={Distributed inference with deep learning models across heterogeneous edge devices},
  author={Hu, Chenghao and Li, Baochun},
  booktitle={IEEE INFOCOM 2022-IEEE Conference on Computer Communications},
  pages={330--339},
  year={2022},
  organization={IEEE}
}"
"@inproceedings{hou2022distredge,
  title={Distredge: Speeding up convolutional neural network inference on distributed edge devices},
  author={Hou, Xueyu and Guan, Yongjie and Han, Tao and Zhang, Ning},
  booktitle={2022 IEEE International Parallel and Distributed Processing Symposium (IPDPS)},
  pages={1097--1107},
  year={2022},
  organization={IEEE}
}"
"@article{he2020joint,
  title={Joint DNN partition deployment and resource allocation for delay-sensitive deep learning inference in IoT},
  author={He, Wenchen and Guo, Shaoyong and Guo, Song and Qiu, Xuesong and Qi, Feng},
  journal={IEEE Internet of Things Journal},
  volume={7},
  number={10},
  pages={9241--9254},
  year={2020},
  publisher={IEEE}
}"
"@article{hao2022multi,
  title={Multi-agent collaborative inference via dnn decoupling: Intermediate feature compression and edge learning},
  author={Hao, Zhiwei and Xu, Guanyu and Luo, Yong and Hu, Han and An, Jianping and Mao, Shiwen},
  journal={IEEE Transactions on Mobile Computing},
  volume={22},
  number={10},
  pages={6041--6055},
  year={2022},
  publisher={IEEE}
}"
"@inproceedings{fang2019teamnet,
  title={Teamnet: A collaborative inference framework on the edge},
  author={Fang, Yihao and Jin, Ziyi and Zheng, Rong},
  booktitle={2019 IEEE 39th International Conference on Distributed Computing Systems (ICDCS)},
  pages={1487--1496},
  year={2019},
  organization={IEEE}
}"
"@article{fang2023joint,
  title={Joint architecture design and workload partitioning for dnn inference on industrial iot clusters},
  author={Fang, Weiwei and Xu, Wenyuan and Yu, Chongchong and Xiong, Neal N},
  journal={ACM Transactions on Internet Technology},
  volume={23},
  number={1},
  pages={1--21},
  year={2023},
  publisher={ACM New York, NY}
}"
"@inproceedings{dey2019offloaded,
  title={Offloaded execution of deep learning inference at edge: Challenges and insights},
  author={Dey, Swarnava and Mondal, Jayeeta and Mukherjee, Arijit},
  booktitle={2019 IEEE International Conference on Pervasive Computing and Communications Workshops (PerCom Workshops)},
  pages={855--861},
  year={2019},
  organization={IEEE}
}"
"@inproceedings{chen2021accelerating,
  title={Accelerating dnn inference by edge-cloud collaboration},
  author={Chen, Jianan and Qi, Qi and Wang, Jingyu and Sun, Haifeng and Liao, Jianxin},
  booktitle={2021 IEEE International Performance, Computing, and Communications Conference (IPCCC)},
  pages={1--7},
  year={2021},
  organization={IEEE}
}"
"@inproceedings{de2018partitioning,
  title={Partitioning convolutional neural networks for inference on constrained Internet-of-Things devices},
  author={de Oliveira, Fabiola Martins Campos and Borin, Edson},
  booktitle={2018 30th International Symposium on Computer Architecture and High Performance Computing (SBAC-PAD)},
  pages={266--273},
  year={2018},
  organization={IEEE}
}"
"@article{karjee2022split,
  title={Split computing: DNN inference partition with load balancing in IoT-edge platform for beyond 5G},
  author={Karjee, Jyotirmoy and Naik, Praveen and Anand, Kartik and Bhargav, Vanamala N},
  journal={Measurement: Sensors},
  volume={23},
  pages={100409},
  year={2022},
  publisher={Elsevier}
}"





@article{mohammed2020secure,
  title={How secure is distributed convolutional neural network on iot edge devices?},
  author={Mohammed, Hawzhin and Odetola, Tolulope A and Hasan, Syed Rafay},
  journal={arXiv preprint arXiv:2006.09276},
  year={2020}
}

@inproceedings{kannan2024security,
  title={A security analysis of compressed communication in distributed deep neural networks},
  author={Kannan, Tejas and Dimassimo, Sabrina and Haga, Rachel},
  booktitle={Assurance and Security for AI-enabled Systems},
  volume={13054},
  pages={119--139},
  year={2024},
  organization={SPIE}
}




"@inproceedings{wu2021tolerating,
  title={Tolerating adversarial attacks and byzantine faults in distributed machine learning},
  author={Wu, Yusen and Chen, Hao and Wang, Xin and Liu, Chao and Nguyen, Phuong and Yesha, Yelena},
  booktitle={2021 IEEE International Conference on Big Data (Big Data)},
  pages={3380--3389},
  year={2021},
  organization={IEEE}
}"
"@article{sun2021data,
  title={Data poisoning attacks on federated machine learning},
  author={Sun, Gan and Cong, Yang and Dong, Jiahua and Wang, Qiang and Lyu, Lingjuan and Liu, Ji},
  journal={IEEE Internet of Things Journal},
  volume={9},
  number={13},
  pages={11365--11375},
  year={2021},
  publisher={IEEE}
}"
"@inproceedings{ji2018model,
  title={Model-reuse attacks on deep learning systems},
  author={Ji, Yujie and Zhang, Xinyang and Ji, Shouling and Luo, Xiapu and Wang, Ting},
  booktitle={Proceedings of the 2018 ACM SIGSAC conference on computer and communications security},
  pages={349--363},
  year={2018}
}"
"@inproceedings{benkraouda2021image,
  title={Image reconstruction attacks on distributed machine learning models},
  author={Benkraouda, Hadjer and Nahrstedt, Klara},
  booktitle={Proceedings of the 2nd ACM International Workshop on Distributed Machine Learning},
  pages={29--35},
  year={2021}
}"
"@article{lai2024security,
  title={On Security Weaknesses and Vulnerabilities in Deep Learning Systems},
  author={Lai, Zhongzheng and Chen, Huaming and Sun, Ruoxi and Zhang, Yu and Xue, Minhui and Yuan, Dong},
  journal={arXiv preprint arXiv:2406.08688},
  year={2024}
}"
"@article{pauling2022tutorial,
  title={A tutorial on adversarial learning attacks and countermeasures},
  author={Pauling, Cato and Gimson, Michael and Qaid, Muhammed and Kida, Ahmad and Halak, Basel},
  journal={arXiv preprint arXiv:2202.10377},
  year={2022}
}"
"@article{golla2023security,
  title={Security and Privacy Challenges in Deep Learning Models},
  author={Golla, Gopichandh},
  journal={arXiv preprint arXiv:2311.13744},
  year={2023}
}"
"@article{devabhakthini2023analyzing,
  title={Analyzing the impact of adversarial examples on explainable machine learning},
  author={Devabhakthini, Prathyusha and Parida, Sasmita and Shukla, Raj Mani and Nayak, Suvendu Chandan},
  journal={arXiv preprint arXiv:2307.08327},
  year={2023}
}"
"@article{ren2020adversarial,
  title={Adversarial attacks and defenses in deep learning},
  author={Ren, Kui and Zheng, Tianhang and Qin, Zhan and Liu, Xue},
  journal={Engineering},
  volume={6},
  number={3},
  pages={346--360},
  year={2020},
  publisher={Elsevier}
}"
"@article{arp2024pitfalls,
  title={Pitfalls in Machine Learning for Computer Security},
  author={Arp, Daniel and Quiring, Erwin and Pendlebury, Feargus and Warnecke, Alexander and Pierazzi, Fabio and Wressnegger, Christian and Cavallaro, Lorenzo and Rieck, Konrad},
  journal={Communications of the ACM},
  volume={67},
  number={11},
  pages={104--112},
  year={2024},
  publisher={ACM New York, NY, USA}
}"
"@article{fu2021exploring,
  title={Exploring security vulnerabilities of deep learning models by adversarial attacks},
  author={Fu, Xiaopeng and Gu, Zhaoquan and Han, Weihong and Qian, Yaguan and Wang, Bin},
  journal={Wireless Communications and Mobile Computing},
  volume={2021},
  number={1},
  pages={9969867},
  year={2021},
  publisher={Wiley Online Library}
}"
"@article{chen2017targeted,
  title={Targeted backdoor attacks on deep learning systems using data poisoning},
  author={Chen, Xinyun and Liu, Chang and Li, Bo and Lu, Kimberly and Song, Dawn},
  journal={arXiv preprint arXiv:1712.05526},
  year={2017}
}"
"@inproceedings{kannan2024security,
  title={A security analysis of compressed communication in distributed deep neural networks},
  author={Kannan, Tejas and Dimassimo, Sabrina and Haga, Rachel},
  booktitle={Assurance and Security for AI-enabled Systems},
  volume={13054},
  pages={119--139},
  year={2024},
  organization={SPIE}
}"
"@article{xia2020defenses,
  title={Defenses against byzantine attacks in distributed deep neural networks},
  author={Xia, Qi and Tao, Zeyi and Li, Qun},
  journal={IEEE Transactions on Network Science and Engineering},
  volume={8},
  number={3},
  pages={2025--2035},
  year={2020},
  publisher={IEEE}
}"
"@article{mohammed2020secure,
  title={How secure is distributed convolutional neural network on iot edge devices?},
  author={Mohammed, Hawzhin and Odetola, Tolulope A and Hasan, Syed Rafay},
  journal={arXiv preprint arXiv:2006.09276},
  year={2020}
}"
"@inproceedings{liu2019mitigating,
  title={Mitigating reverse engineering attacks on deep neural networks},
  author={Liu, Yuntao and Dachman-Soled, Dana and Srivastava, Ankur},
  booktitle={2019 IEEE Computer Society Annual Symposium on VLSI (ISVLSI)},
  pages={657--662},
  year={2019},
  organization={IEEE}
}"
@article{pitropakis2019taxonomy,
  title={A taxonomy and survey of attacks against machine learning},
  author={Pitropakis, Nikolaos and Panaousis, Emmanouil and Giannetsos, Thanassis and Anastasiadis, Eleftherios and Loukas, George},
  journal={Computer Science Review},
  volume={34},
  pages={100199},
  year={2019},
  publisher={Elsevier}
}
"@article{naqvi2023adversarial,
  title={Adversarial attacks on visual objects using the fast gradient sign method},
  author={Naqvi, Syed Muhammad Ali and Shabaz, Mohammad and Khan, Muhammad Attique and Hassan, Syeda Iqra},
  journal={Journal of Grid Computing},
  volume={21},
  number={4},
  pages={52},
  year={2023},
  publisher={Springer}
}"
"@inproceedings{deng2020universal,
  title={Universal adversarial attack via enhanced projected gradient descent},
  author={Deng, Yingpeng and Karam, Lina J},
  booktitle={2020 IEEE International Conference on Image Processing (ICIP)},
  pages={1241--1245},
  year={2020},
  organization={IEEE}
}"
"@inproceedings{pujari2022approach,
  title={An approach to improve the robustness of machine learning based intrusion detection system models against the carlini-wagner attack},
  author={Pujari, Medha and Cherukuri, Bhanu Prakash and Javaid, Ahmad Y and Sun, Weiqing},
  booktitle={2022 IEEE International Conference on Cyber Security and Resilience (CSR)},
  pages={62--67},
  year={2022},
  organization={IEEE}
}"
"@inproceedings{newaz2020adversarial,
  title={Adversarial attacks to machine learning-based smart healthcare systems},
  author={Newaz, AKM Iqtidar and Haque, Nur Imtiazul and Sikder, Amit Kumar and Rahman, Mohammad Ashiqur and Uluagac, A Selcuk},
  booktitle={GLOBECOM 2020-2020 IEEE Global Communications Conference},
  pages={1--6},
  year={2020},
  organization={IEEE}
}"
"@inproceedings{andriushchenko2020square,
  title={Square attack: a query-efficient black-box adversarial attack via random search},
  author={Andriushchenko, Maksym and Croce, Francesco and Flammarion, Nicolas and Hein, Matthias},
  booktitle={European conference on computer vision},
  pages={484--501},
  year={2020},
  organization={Springer}
}"
@article{gong2020model,
  title={Model extraction attacks and defenses on cloud-based machine learning models},
  author={Gong, Xueluan and Wang, Qian and Chen, Yanjiao and Yang, Wang and Jiang, Xinchang},
  journal={IEEE Communications Magazine},
  volume={58},
  number={12},
  pages={83--89},
  year={2020},
  publisher={IEEE}
}
"@article{zhou2024model,
  title={Model Inversion Attacks: A Survey of Approaches and Countermeasures},
  author={Zhou, Zhanke and Zhu, Jianing and Yu, Fengfei and Li, Xuan and Peng, Xiong and Liu, Tongliang and Han, Bo},
  journal={arXiv preprint arXiv:2411.10023},
  year={2024}
}"
"@article{fang2024privacy,
  title={Privacy leakage on dnns: A survey of model inversion attacks and defenses},
  author={Fang, Hao and Qiu, Yixiang and Yu, Hongyao and Yu, Wenbo and Kong, Jiawei and Chong, Baoli and Chen, Bin and Wang, Xuan and Xia, Shu-Tao and Xu, Ke},
  journal={arXiv preprint arXiv:2402.04013},
  year={2024}
}"
"@inproceedings{he2019model,
  title={Model inversion attacks against collaborative inference},
  author={He, Zecheng and Zhang, Tianwei and Lee, Ruby B},
  booktitle={Proceedings of the 35th Annual Computer Security Applications Conference},
  pages={148--162},
  year={2019}
}"
"@inproceedings{dibbo2023sok,
  title={Sok: Model inversion attack landscape: Taxonomy, challenges, and future roadmap},
  author={Dibbo, Sayanton V},
  booktitle={2023 IEEE 36th Computer Security Foundations Symposium (CSF)},
  pages={439--456},
  year={2023},
  organization={IEEE}
}"
"@article{fang2024privacy,
  title={Privacy leakage on dnns: A survey of model inversion attacks and defenses},
  author={Fang, Hao and Qiu, Yixiang and Yu, Hongyao and Yu, Wenbo and Kong, Jiawei and Chong, Baoli and Chen, Bin and Wang, Xuan and Xia, Shu-Tao and Xu, Ke},
  journal={arXiv preprint arXiv:2402.04013},
  year={2024}
}"
"@inproceedings{shi2022challenges,
  title={Challenges and approaches for mitigating byzantine attacks in federated learning},
  author={Shi, Junyu and Wan, Wei and Hu, Shengshan and Lu, Jianrong and Zhang, Leo Yu},
  booktitle={2022 IEEE International Conference on Trust, Security and Privacy in Computing and Communications (TrustCom)},
  pages={139--146},
  year={2022},
  organization={IEEE}
}"
"@article{guerraoui2024byzantine,
  title={Byzantine machine learning: A primer},
  author={Guerraoui, Rachid and Gupta, Nirupam and Pinot, Rafael},
  journal={ACM Computing Surveys},
  volume={56},
  number={7},
  pages={1--39},
  year={2024},
  publisher={ACM New York, NY}
}"
"@inproceedings{wang2021elite,
  title={ELITE: Defending federated learning against Byzantine attacks based on information entropy},
  author={Wang, Yongkang and Xia, Yuanqing and Zhan, Yufeng},
  booktitle={2021 China Automation Congress (CAC)},
  pages={6049--6054},
  year={2021},
  organization={IEEE}
}"

"@article{konstantinidis2023detection,
  title={Detection and Mitigation of Byzantine Attacks in Distributed Training},
  author={Konstantinidis, Konstantinos and Vaswani, Namrata and Ramamoorthy, Aditya},
  journal={IEEE/ACM Transactions on Networking},
  year={2023},
  publisher={IEEE}
}"
"@inproceedings{hu2022distributed,
  title={Distributed inference with deep learning models across heterogeneous edge devices},
  author={Hu, Chenghao and Li, Baochun},
  booktitle={IEEE INFOCOM 2022-IEEE Conference on Computer Communications},
  pages={330--339},
  year={2022},
  organization={IEEE}
}"
"@inproceedings{liu2017distributed,
  title={Distributed machine learning: Foundations, trends, and practices},
  author={Liu, Tie-Yan and Chen, Wei and Wang, Taifeng},
  booktitle={Proceedings of the 26th International Conference on World Wide Web Companion},
  pages={913--915},
  year={2017}
}"
"@article{le2024applications,
  title={Applications of distributed machine learning for the Internet-of-Things: A comprehensive survey},
  author={Le, Mai and Huynh-The, Thien and Do-Duy, Tan and Vu, Thai-Hoc and Hwang, Won-Joo and Pham, Quoc-Viet},
  journal={IEEE Communications Surveys \& Tutorials},
  year={2024},
  publisher={IEEE}
}"
"@article{duan2022distributed,
  title={Distributed artificial intelligence empowered by end-edge-cloud computing: A survey},
  author={Duan, Sijing and Wang, Dan and Ren, Ju and Lyu, Feng and Zhang, Ye and Wu, Huaqing and Shen, Xuemin},
  journal={IEEE Communications Surveys \& Tutorials},
  volume={25},
  number={1},
  pages={591--624},
  year={2022},
  publisher={IEEE}
}"